%% This BibTeX bibliography file was created using BibDesk.
%% https://bibdesk.sourceforge.io/

%% Created for Graham Leigh at 2024-03-04 17:29:41 +0100 


%% Saved with string encoding Unicode (UTF-8) 



@book{Pohlers_1989,
	access = {No},
	address = {Berlin, Heidelberg},
	applicable-device = {pc,mobile},
	author = {Wolfram Pohlers},
	citation_springer_api_url = {https://api.springernature.com/xmldata/jats?q=bookdoi:10.1007/978-3-540-46825-7&api_key=},
	date-added = {2024-03-03 20:21:24 +0100},
	date-modified = {2024-03-03 20:22:10 +0100},
	doi = {10.1007/978-3-540-46825-7},
	publisher = {Springer},
	series = {Lecture Notes in Mathematics},
	title = {Proof Theory An Introduction},
	viewport = {width=device-width, initial-scale=1},
	volume = {1407},
	year = {1989},
	bdsk-url-1 = {https://doi.org/10.1007/978-3-540-46825-7}}

@book{Troelstra_Schwichtenberg_2000,
	author = {Troelstra, A. S. and Schwichtenberg, H.},
	collection = {Cambridge Tracts in Theoretical Computer Science},
	date-added = {2024-03-03 19:14:02 +0100},
	date-modified = {2024-03-03 19:14:02 +0100},
	edition = {2},
	place = {Cambridge},
	publisher = {Cambridge University Press},
	series = {Cambridge Tracts in Theoretical Computer Science},
	title = {Basic Proof Theory},
	year = {2000}}

@book{Hess1906,
	author = {Gerhard Hessenberg},
	date-added = {2024-02-17 11:14:44 +0100},
	date-modified = {2024-02-17 11:14:44 +0100},
	publisher = {G{\"o}ttingen},
	title = {Grundbegriffe der Mengenlehre},
	year = {1906}}

@article{Cantor1897,
	author = {Cantor, Georg},
	date-added = {2024-02-17 11:05:07 +0100},
	date-modified = {2024-02-17 11:05:07 +0100},
	doi = {10.1007/BF01444205},
	journal = {Mathematische Annalen},
	number = {2},
	pages = {207--246},
	title = {Beitr{\"a}ge zur Begr{\"u}ndung der transfiniten Mengenlehre II},
	volume = {49},
	year = {1897},
	bdsk-url-1 = {https://doi.org/10.1007/BF01444205}}

@unpublished{RathjenLectures,
	author = {Rathjen, Michael},
	date-added = {2024-02-08 11:26:37 +0100},
	date-modified = {2024-02-08 11:29:28 +0100},
	note = {unpublished lecture notes},
	title = {Proof Theory},
	year = {2012}}

@book{Gen-collect,
	address = {Amsterdam},
	author = {Gentzen, Gehard},
	date-added = {2024-02-06 16:13:52 +0100},
	date-modified = {2024-02-18 13:53:09 +0100},
	editor = {M.E. Szabo},
	publisher = {North-Holland},
	series = {Studies in Logic and the Foundations of Mathematics},
	title = {The Collected Papers of Gerhard Gentzen},
	volume = {55},
	year = {1969}}

@incollection{Gen-1938,
	address = {Leipzig},
	author = {Gentzen, Gehard},
	booktitle = {Forschungen zur Logik und zur Grundlegung der exacten Wissenschaften},
	date-added = {2024-02-06 16:13:52 +0100},
	date-modified = {2024-02-18 13:53:29 +0100},
	doi = {10.1016/S0049-237X(08)70827-9},
	note = {English translation, ``New Version of the Consistency Proof for Elementary Number Theory'', in \cite{Gen-collect}: 252--286},
	pages = {19--44},
	publisher = {Hirzel},
	title = {Neue Fassung des Widerspruchsfreiheitsbeweises f{\"u}r die reine Zahlentheorie},
	volume = {Neue Folge 4},
	year = {1938},
	bdsk-url-1 = {https://doi.org/10.1016/S0049-237X(08)70827-9}}

@article{Schu1950,
	author = {Sch{\"u}tte, Kurt},
	date-added = {2024-02-06 16:07:45 +0100},
	date-modified = {2024-02-06 16:07:45 +0100},
	doi = {10.1007/BF01342849},
	journal = {Mathematische Annalen},
	number = {5},
	pages = {369--389},
	title = {Beweistheoretische Erfassung der unendlichen Induktion in der Zahlentheorie},
	volume = {5},
	year = {1950},
	bdsk-url-1 = {https://doi.org/10.1007/BF01342849}}

@book{BBJ,
	author = {Boolos, G S and Burgess, J P and Jeffrey, R C},
	date-added = {2024-02-06 15:23:09 +0100},
	date-modified = {2024-02-18 13:54:29 +0100},
	edition = {5th ed},
	publisher = {Cambridge University Press},
	title = {Computability and Logic},
	year = {2007}}

@book{Negri_von_Plato,
	author = {Negri, Sara and von Plato, Jan},
	date-added = {2024-02-05 13:08:37 +0100},
	date-modified = {2024-02-20 10:54:29 +0100},
	place = {Cambridge},
	publisher = {Cambridge University Press},
	title = {Structural Proof Theory},
	year = {2001}}

@book{LogThe,
	author = {{Open Logic Contributers} and {Logic Group at GU}},
	date-added = {2024-02-05 11:57:29 +0100},
	date-modified = {2024-03-04 17:29:38 +0100},
	publisher = {University of Gothenburg},
	title = {Logial Theory},
	year = {2024}}
